@article{steinau2019dalec,
  title={DALEC: a framework for the systematic evaluation of data-centric approaches to process management software},
  author={Steinau, Sebastian and Marrella, Andrea and Andrews, Kevin and Leotta, Francesco and Mecella, Massimo and Reichert, Manfred},
  journal={Software \& Systems Modeling},
  pages={1--38},
  year={2019},
  publisher={Springer}
}

@inproceedings{andrews2018engineering,
  title={Engineering a highly scalable object-aware process management engine using distributed microservices},
  author={Andrews, Kevin and Steinau, Sebastian and Reichert, Manfred},
  booktitle={OTM Confederated International Conferences" On the Move to Meaningful Internet Systems"},
  pages={80--97},
  year={2018},
  organization={Springer}
}

@book{reichert2012enabling,
  title={Enabling flexibility in process-aware information systems: challenges, methods, technologies},
  author={Reichert, Manfred and Weber, Barbara},
  year={2012},
  publisher={Springer Science \& Business Media}
}

 @misc{wikipedia2004plagiarism,
   author = "{Wikipedia contributors}",
   title = "Plagiarism --- {W}ikipedia{,} The Free Encyclopedia",
   year = "2004",
   url = "https://en.wikipedia.org/w/index.php?title=Plagiarism",
   note = "[Online; accessed 22-July-2004]"
 }